<?xml version="1.0" encoding="UTF-8"?>
<record xmlns="http://www.loc.gov/MARC21/slim">
   <leader>01003nam a22002897a 4500</leader>
   <controlfield tag="001">000033262355</controlfield>
   <controlfield tag="003">CaOOAMICUS</controlfield>
   <controlfield tag="005">20070614154924.0</controlfield>
   <controlfield tag="008">070223s2006    abc          s000 0 eng  </controlfield>
   <datafield tag="016" ind1=" " ind2=" ">
      <subfield code="a">20078020999 </subfield>
   </datafield>
   <datafield tag="020" ind1=" " ind2=" ">
      <subfield code="a">0778544834</subfield>
   </datafield>
   <datafield tag="040" ind1=" " ind2=" ">
      <subfield code="a">CaOONL</subfield>
      <subfield code="b">eng</subfield>
      <subfield code="c">CaOONL</subfield>
   </datafield>
   <datafield tag="043" ind1=" " ind2=" ">
      <subfield code="a">n-cn-ab</subfield>
   </datafield>
   <datafield tag="082" ind1="0" ind2=" ">
      <subfield code="a">362.290835097123</subfield>
      <subfield code="2">22</subfield>
   </datafield>
   <datafield tag="240" ind1="0" ind2="0">
      <subfield code="a">The 2005 youth project awards :/ AADAC is-- into it!</subfield>
   </datafield>
   <datafield tag="245" ind1="0" ind2="4">
      <subfield code="a">The 2005 youth project awards : AADAC is-- into it! 2006</subfield>
      <subfield code="b">AADAC is-- into it!</subfield>
   </datafield>
   <datafield tag="260" ind1=" " ind2=" ">
      <subfield code="a">[Edmonton] :</subfield>
      <subfield code="b">Alberta Alcohol and Drug Abuse Commission,</subfield>
      <subfield code="c">c2006.</subfield>
   </datafield>
   <datafield tag="300" ind1=" " ind2=" ">
      <subfield code="a">1 folded sheet ;</subfield>
      <subfield code="c">28 cm.</subfield>
   </datafield>
   <datafield tag="710" ind1="2" ind2=" ">
      <subfield code="a">Alberta Alcohol and Drug Abuse Commission.</subfield>
   </datafield>
   <datafield tag="852" ind1=" " ind2=" ">
      <subfield code="9">1</subfield>
      <subfield code="a">CaOONL</subfield>
      <subfield code="h">COP.AL.2.2007-67</subfield>
      <subfield code="z">ILL: no</subfield>
   </datafield>
   <datafield tag="910" ind1="2" ind2=" ">
      <subfield code="a">AADAC.</subfield>
   </datafield>
   <datafield tag="910" ind1="1" ind2=" ">
      <subfield code="a">Alberta.</subfield>
      <subfield code="b">Alberta Community and Occupational Health.</subfield>
      <subfield code="b">Alcohol and Drug Abuse Commission.</subfield>
   </datafield>
   <datafield tag="910" ind1="1" ind2=" ">
      <subfield code="a">Alberta.</subfield>
      <subfield code="b">Alcohol and Drug Abuse Commission.</subfield>
   </datafield>
   <datafield tag="910" ind1="2" ind2=" ">
      <subfield code="a">Commission albertaine contre l'alcool et les toxicomanies.</subfield>
   </datafield>
   <datafield tag="990" ind1="1" ind2="0">
      <subfield code="a">91001a</subfield>
      <subfield code="b">71001a</subfield>
   </datafield>
   <datafield tag="990" ind1="1" ind2="0">
      <subfield code="a">91002abb</subfield>
      <subfield code="b">71001a</subfield>
   </datafield>
   <datafield tag="990" ind1="1" ind2="0">
      <subfield code="a">91003ab</subfield>
      <subfield code="b">71001a</subfield>
   </datafield>
   <datafield tag="990" ind1="0" ind2="1">
      <subfield code="a">91004a</subfield>
      <subfield code="b">71001a</subfield>
   </datafield>
</record>
